<?xml version="1.0" encoding="UTF-8"?><collection xmlns="http://www.loc.gov/MARC21/slim"><record><leader>00492nam--2200181-i-4500</leader><controlfield tag="001">000014811</controlfield><controlfield tag="002">20161230</controlfield><controlfield tag="005">20161230201031</controlfield><controlfield tag="008">060222s1000------------r-----000-0-eng-d</controlfield><datafield ind1=" " ind2=" " tag="040"><subfield code="a">IFIN-HH</subfield></datafield><datafield ind1=" " ind2=" " tag="080"><subfield code="a">539.14</subfield></datafield><datafield ind1="1" ind2=" " tag="100"><subfield code="a">Abramovici, A</subfield></datafield><datafield ind1="1" ind2="0" tag="245"><subfield code="a">STATISTICAL MODEL cALCULATION OF THE BRANCHING RATIOS OF N (1470)</subfield><subfield code="c">A. abramovici, l. vekas</subfield></datafield><datafield ind1=" " ind2=" " tag="260"><subfield code="a">Timisoara</subfield><subfield code="b">Universitatea</subfield><subfield code="c">1969</subfield></datafield><datafield ind1=" " ind2=" " tag="300"><subfield code="a">7P</subfield></datafield><datafield ind1=" " ind2=" " tag="700"><subfield code="a">Vekas, L</subfield></datafield><datafield ind1=" " ind2=" " tag="852"><subfield code="a">30144</subfield><subfield code="c">539.14</subfield></datafield><datafield ind1=" " ind2=" " tag="CAT"><subfield code="a">Sys</subfield><subfield code="c">20120327</subfield><subfield code="h">122856</subfield></datafield></record></collection>